<record><leader>00000cas a2200000 a 4500</leader><controlfield tag="001">11144800</controlfield><controlfield tag="008">840912d18841886ksuwr ne      0   a0eng d</controlfield><controlfield tag="009">3789</controlfield><datafield ind1=" " ind2=" " tag="010"><subfield code="a">sn 84029698 </subfield></datafield><datafield ind1=" " ind2=" " tag="040"><subfield code="a">KSH</subfield><subfield code="b">eng</subfield><subfield code="c">KSH</subfield><subfield code="d">NPT</subfield><subfield code="d">OCL</subfield></datafield><datafield ind1=" " ind2=" " tag="042"><subfield code="a">msc</subfield></datafield><datafield ind1="0" ind2="0" tag="245"><subfield code="a">Ellis Co. democrat and advocate.</subfield></datafield><datafield ind1="0" ind2="0" tag="246"><subfield code="a">Ellis County democrat and advocate</subfield></datafield><datafield ind1="0" ind2="0" tag="246"><subfield code="a">Ellis Co. democrat</subfield></datafield><datafield ind1="0" ind2="0" tag="246"><subfield code="a">Ellis County democrat</subfield></datafield><datafield ind1=" " ind2=" " tag="260"><subfield code="a">Hays City, Kan. :</subfield><subfield code="b">Harry Freese,</subfield><subfield code="c">1884-1886.</subfield></datafield><datafield ind1=" " ind2=" " tag="300"><subfield code="a">2 v. :</subfield><subfield code="b">ill. ;</subfield><subfield code="c">51 cm.</subfield></datafield><datafield ind1=" " ind2=" " tag="310"><subfield code="a">Weekly</subfield></datafield><datafield ind1="0" ind2=" " tag="362"><subfield code="a">Vol. 3, no. 11 (Dec. 13, 1884)-v. 3, no. 42 (June 20, 1885) ; June 27, 1885-May 15, 1886.</subfield></datafield><datafield ind1=" " ind2=" " tag="500"><subfield code="a">Published as: Ellis Co. democrat, Jan. 2-May 15, 1886.</subfield></datafield><datafield ind1=" " ind2=" " tag="500"><subfield code="a">Published by: H. Freese &amp; O.G. Zellers, Jan. 3-Feb. 14, 1885; Harry Freese, Feb. 21, 1885-May 15, 1886.</subfield></datafield><datafield ind1=" " ind2=" " tag="515"><subfield code="a">Issues are misnumbered, Apr. 18, 1885- .</subfield></datafield><datafield ind1=" " ind2=" " tag="546"><subfield code="a">In English and German, Dec. 13, 1884-Feb. 7, 1885.</subfield></datafield><datafield ind1=" " ind2=" " tag="752"><subfield code="a">United States</subfield><subfield code="b">Kansas</subfield><subfield code="c">Ellis</subfield><subfield code="d">Hays.</subfield></datafield><datafield ind1="0" ind2="0" tag="780"><subfield code="t">German-American advocate (Hays City, Kan. : 1882)</subfield><subfield code="w">(DLC)sn 84029694</subfield></datafield><datafield ind1="0" ind2="0" tag="785"><subfield code="t">Ellis Co. free press and democrat</subfield><subfield code="w">(DLC)sn 84029695</subfield></datafield></record>